<?xml version="1.0" encoding="UTF-8"?><record xmlns="http://www.loc.gov/MARC21/slim" xmlns:cinclude="http://apache.org/cocoon/include/1.0" xmlns:zs="http://www.loc.gov/zing/srw/">
  <leader>00454nz  a2200133n  4500</leader>
  <controlfield tag="001">n 2012019214</controlfield>
  <controlfield tag="003">DLC</controlfield>
  <controlfield tag="005">20120323074854.0</controlfield>
  <controlfield tag="008">120322n| acannaabn          |n aaa      </controlfield>
  <datafield tag="010" ind1=" " ind2=" ">
    <subfield code="a">n 2012019214</subfield>
  </datafield>
  <datafield tag="040" ind1=" " ind2=" ">
    <subfield code="a">DLC</subfield>
    <subfield code="b">eng</subfield>
    <subfield code="c">DLC</subfield>
  </datafield>
  <datafield tag="100" ind1="1" ind2=" ">
    <subfield code="a">Rivera, Luis,</subfield>
    <subfield code="d">1826-1872</subfield>
  </datafield>
  <datafield tag="670" ind1=" " ind2=" ">
    <subfield code="a">LleoĚ, V. El maestro Campanone [SR] p1972:</subfield>
    <subfield code="b">label (Rivera [libretto])</subfield>
  </datafield>
  <datafield tag="670" ind1=" " ind2=" ">
    <subfield code="a">Zarzuela.net WWW site, Mar. 22, 2012:</subfield>
    <subfield code="b">Two hundred years of Maestro Campanone (Luis Rivera (1826-72))</subfield>
  </datafield>
</record>